5090 6242
1420 419 1540 594 (4),

625 689 2297 758 uememesxmeemeemmeo

1009 996 1072 1080 11.
1123 993 1431 1118 annuun-
1477 990 1933 1080 sunonutca

687 1227 928 1339 specialior
961 1225 1268 1342 organorum,
1301 1227 1462 1314 tabula
1489 1195 1694 1340 sequenti
1722 1227 1867 1340 magis
1897 1220 2242 1310 accommodata.

600 1484 636 1540 ι.
665 1453 1066 1543 Ganammms.
1096 1453 1311 1540 Animalia
1332 1473 1432 1537 sunt
1448 1455 1517 1542 vel
1534 1453 1724 1569 vivipara
1741 1452 1809 1539 vel
1828 1451 2013 1567 ovipara.

1101 1593 1248 1678 Omne
1276 1611 1421 1678 tamen
1451 1567 1594 1682 vivum
1624 1623 1673 1680 ex
1702 1621 1795 1681 ovo.
1872 1569 1876 1578 ⁸

1098 1731 1245 1816 Omne
1274 1731 1417 1819 vivum
1447 1762 1471 1816 e
1503 1733 1609 1840 vivo.
1990 1821 1994 1828 ,

1082 1867 1198 1980 .Qua
1228 1869 1284 1955 de
1315 1897 1445 1954 causa
1483 1901 1508 1954 e
1537 1869 1685 1954 tabula
1714 1867 1912 1981 sequenti
1942 1866 2122 1952 exclusa.

651 2061 691 2122 2·
775 2027 966 2118 HOTUS.
1102 2063 1138 2118 t.
1165 2031 1380 2118 Animalia
1400 2033 1560 2117 seeleto
1580 2034 1679 2146 plus
1700 2051 1773 2116 aut
1789 2034 1933 2116 minus
1949 2032 2144 2146 perfecto
2160 2028 2322 2114 donata.

1101 2201 1141 2256 2.
1169 2171 1385 2256 Animalia
1416 2171 1575 2257 sceleto
1606 2159 1809 2256 carentia.
2172 2192 2179 2200 ·

1175 2307 1313 2426 Spina
1332 2309 1537 2408 dorsalis,
1558 2310 1767 2396 vertebris
1788 2297 2037 2406 ollonnam,
2056 2327 2100 2392 et
2117 2307 2324 2396 vertebrae

1253 2449 1349 2552 hie,
1380 2449 1423 2532 in
1444 2448 1590 2535 tabula
1614 2447 1835 2562 sequenti,
1867 2467 2099 2532 sumuntur
2130 2476 2215 2560 pro
2235 2473 2326 2528 sce·

1251 2587 1366 2686 leto,
1406 2587 1530 2700 (pars
1568 2615 1649 2700 pro
1683 2585 1796 2696 toto)
1834 2569 1936 2698 quia
1971 2587 2138 2700 ubique
2175 2585 2331 2671 adsunt
2422 2623 2424 2629 ·

1252 2725 1477 2822 vertebra,
1516 2722 1594 2808 etsi
1614 2723 1743 2812 variae
1765 2743 1908 2842 partes
1929 2724 2075 2808 sceleti
2105 2723 2331 2838 completi,

1236 2863 1417 2976 peluis,
1436 2853 1748 2962 einemitates,
1766 2863 1812 2947 in
1833 2845 2095 2978 quibusdam
2117 2863 2331 2948 classibus

1249 2999 1463 3089 deficiant.
1503 3003 1556 3086 ln
1596 3033 1650 3085 eo
1680 3000 1829 3086 nititur
1862 3001 1993 3086 etiam
2026 3001 2331 3086 denominatio

1253 3139 1503 3224 Gallorum:
1547 3132 1783 3227 Animanx
1813 3141 2055 3247 vertebras,
2092 3140 2337 3231 Animam:

1190 3316 1195 3328 “
1247 3307 1356 3364 suns
1382 3281 1609 3366 vertebras.
1826 3257 1830 3264 ⁴
1926 3257 1932 3264 ⁵

576 3405 627 3504 ,3.
685 3405 1029 3500 Sansaamms.
1065 3425 1069 3432 '
1102 3413 1382 3503 1.'Animalia
1416 3449 1515 3532 quae
1550 3418 1781 3504 cerebrum
1815 3437 1859 3504 et
1887 3447 2043 3508 nervos
2076 3451 2103 3506 a
2129 3421 2333 3509 medulla

1246 3555 1403 3670 spinali
1434 3555 1596 3639 habent
1625 3554 1863 3640 distinctos.

1102 3720 1144 3779 a.
1176 3689 1288 3802 Quae
1320 3694 1516 3779 medullai
1548 3692 1641 3780 sold
1673 3714 1716 3778 et
1744 3695 1885 3784 nervis
1915 3697 2123 3812 gaudent.

1100 3827 1141 3916 3.
1173 3831 1415 3936 Animalia,
1447 3817 1605 3948 quibus
1638 3835 1808 3918 nullum
1842 3864 2078 3924 nervorum
2110 3867 2201 3923 nee
2233 3867 2332 3922 me-

1245 3971 1378 4057 dullae
1410 3971 1593 4086 spinalis
1620 3972 1862 4088 vestigium.

376 4143 384 4222 j
445 4085 452 4104 ⁸
584 4101 628 4210 4.
659 4097 1076 4196 Cmctttamonis.
1112 4136 1149 4195 1.
1173 4107 1411 4213 Animalia,
1444 4136 1541 4225 quae
1564 4113 1715 4213 eorde,
1733 4109 1848 4195 binis
1868 4111 2114 4198 ventriculis
2141 4131 2190 4199 et
2209 4113 2335 4198 auri·

1243 4246 1351 4331 culis
1400 4243 1639 4350 instructo,
1670 4249 1880 4367 sanguine
1917 4252 2052 4340 rubro
2087 4271 2136 4340 et
2165 4252 2338 4352 calido,

1136 4484 1139 4494 Ι
1243 4385 1447 4502 gaudent.

1186 4521 1421 4616 circulatio
1449 4525 1518 4636 his
1549 4545 1615 4614 est
1645 4528 1815 4645 duplex.

1465 4691 1750 4786 Mammatia.
1808 4693 1943 4784 Aves.
